<record xmlns="http://www.loc.gov/MARC21/slim" xmlns:xsi="http://www.w3.org/2001/XMLSchema-instance" xsi:schemaLocation="http://www.loc.gov/MARC21/slim http://www.loc.gov/standards/marcxml/schema/MARC21slim.xsd"><leader>01472nam a2200313   4500</leader><controlfield tag="001">991970</controlfield><controlfield tag="003">NNC</controlfield><controlfield tag="006">m        d        </controlfield><controlfield tag="007">cr cn |||m|||a</controlfield><controlfield tag="008">150110s1947    mr a    o     000 0 ara d</controlfield><datafield ind1=" " ind2=" " tag="040"><subfield code="a">NNU</subfield><subfield code="b">eng</subfield><subfield code="c">NNU</subfield></datafield><datafield ind1="1" ind2=" " tag="100"><subfield code="6">880-01</subfield><subfield code="a">Abu&#772; Mulham, Naji&#772;b.</subfield></datafield><datafield ind1="1" ind2="0" tag="245"><subfield code="6">880-02</subfield><subfield code="a">Sirfantis, amir al-adab al-Isbani</subfield><subfield code="h">[electronic resource] /</subfield><subfield code="c">bi-qalam Najib Abu Mulham, Musa Abbud.</subfield></datafield><datafield ind1=" " ind2=" " tag="260"><subfield code="a">[Morocco?] :</subfield><subfield code="b">Tetuan,</subfield><subfield code="c">1947.</subfield></datafield><datafield ind1=" " ind2=" " tag="300"><subfield code="a">online resource (376 p.) :</subfield><subfield code="b">illus.</subfield></datafield><datafield ind1=" " ind2=" " tag="500"><subfield code="a">Part of the Arabic Collections Online (ACO) project, contributed by Columbia University Libraries.</subfield></datafield><datafield ind1=" " ind2=" " tag="533"><subfield code="a">Electronic reproduction.</subfield><subfield code="b">New York, N.Y. :</subfield><subfield code="c">New York University,</subfield><subfield code="d">2015.</subfield><subfield code="5">NNU</subfield></datafield><datafield ind1="1" ind2="0" tag="600"><subfield code="a">Cervantes Saavedra, Miguel de,</subfield><subfield code="d">1547-1616.</subfield></datafield><datafield ind1="1" ind2="7" tag="600"><subfield code="a">Cervantes Saavedra, Miguel de,</subfield><subfield code="d">1547-1616.</subfield><subfield code="2">fast</subfield><subfield code="0">(OCoLC)fst00041951</subfield></datafield><datafield ind1="1" ind2=" " tag="700"><subfield code="6">880-03</subfield><subfield code="a">&#699;Abbu&#772;d, Mu&#772;sa&#769;.</subfield></datafield><datafield ind1="2" ind2=" " tag="710"><subfield code="a">Columbia University.</subfield><subfield code="b">Libraries.</subfield></datafield><datafield ind1="0" ind2=" " tag="730"><subfield code="a">Arabic Collections Online.</subfield></datafield><datafield ind1="0" ind2="8" tag="776"><subfield code="i">Print version:</subfield><subfield code="a">Abu&#772; Mulham, Naji&#772;b.</subfield><subfield code="t">Sirfantis, amir al-adab al-Isbani</subfield><subfield code="w">(NNC)991970</subfield><subfield code="w">(OCoLC)79847372</subfield></datafield><datafield ind1="4" ind2="0" tag="856"><subfield code="u">http://hdl.handle.net/2333.1/n5tb2t6m</subfield></datafield><datafield ind1="1" ind2=" " tag="880"><subfield code="6">100-01</subfield><subfield code="a">&#1571;&#1576;&#1608; &#1605;&#1604;&#1607;&#1605;&#1548; &#1606;&#1580;&#1610;&#1576;.</subfield></datafield><datafield ind1="1" ind2="0" tag="880"><subfield code="6">245-02</subfield><subfield code="a">&#1587;&#1585;&#1601;&#1575;&#1606;&#1591;&#1610;&#1587;&#1548; &#1571;&#1605;&#1610;&#1585; &#1575;&#1604;&#1571;&#1583;&#1576; &#1575;&#1604;&#1575;&#1587;&#1576;&#1575;&#1606;&#1610; /</subfield><subfield code="c">&#1576;&#1602;&#1604;&#1605; &#1606;&#1580;&#1610;&#1576; &#1571;&#1576;&#1608; &#1605;&#1604;&#1607;&#1605;&#1548; &#1605;&#1608;&#1587;&#1609; &#1593;&#1576;&#1608;&#1583;.</subfield></datafield><datafield ind1="1" ind2=" " tag="880"><subfield code="6">700-03</subfield><subfield code="a">&#1593;&#1576;&#1608;&#1583;&#1548; &#1605;&#1608;&#1587;&#1609;.</subfield></datafield><datafield ind1=" " ind2=" " tag="959"><subfield code="a">NNU</subfield><subfield code="b">WEB</subfield><subfield code="c">GENI</subfield><subfield code="t">0</subfield><subfield code="m">Electronic access</subfield><subfield code="s">01</subfield></datafield><datafield ind1=" " ind2=" " tag="999"><subfield code="i">NNC_991970</subfield><subfield code="o">(OCoLC)79847372</subfield><subfield code="e">OK</subfield></datafield></record>